preamble{"\DoNotMakeWarningsErrors"}
preamble{"\MakeDoiLinksExplicit"}
@website{nlp,
  author={IBM Cloud Education},
  title={Natural Language Processing (NLP)},
  url={https://www.ibm.com/cloud/learn/natural-language-processing}
}

@inbook{qubits_speak,
   author = {Coecke, Bob and Felice, Giovanni de and Meichanetzidis, Konstantinos and Toumi, Alexis},
   title = {How to make qubits speak},
   booktitle = {Quantum Computing in the Arts and Humanities},
   publisher = {Springer},
   url = {http://arxiv.org/abs/2107.06776},
   pages = {277-297},
   year = {2022},
   type = {Book Section}
}

@article{qnlp_in_prac,
   author = {Lorenz, Robin and Pearson, Anna and Meichanetzidis, Konstantinos and Kartsaklis, Dimitri and Coecke, Bob},
   title = {Qnlp in practice: Running compositional models of meaning on a quantum computer},
   journal = {arXiv preprint arXiv:2102.12846},
   url = {http://arxiv.org/abs/2102.12846},
   year = {2021},
   type = {Journal Article}
}

@article{qnlp_near_term,
   author = {Meichanetzidis, Konstantinos and Gogioso, Stefano and De Felice, Giovanni and Chiappori, Nicolò and Toumi, Alexis and Coecke, Bob},
   title = {Quantum natural language processing on near-term quantum computers},
   journal = {arXiv preprint arXiv:2005.04147},
   year = {2020},
   url = {http://arxiv.org/abs/2005.04147},
   type = {Journal Article}
}

@article{lang_indp,
   author = {Waseem, Muhammad Hamza and Liu, Jonathon and Wang-Maścianica, Vincent and Coecke, Bob},
   title = {Language-independence of DisCoCirc's Text Circuits: English and Urdu},
   journal = {arXiv preprint arXiv:2208.10281},
   year = {2022},
   url = {https://cgi.cse.unsw.edu.au/ ̃eptcs/paper.cgi?E2ECOMPVEC.7},
   type = {Journal Article}
}

@article{discocat,
  author    = {Bob Coecke and
               Mehrnoosh Sadrzadeh and
               Stephen Clark},
  title     = {Mathematical Foundations for a Compositional Distributional Model
               of Meaning},
  journal   = {CoRR},
  volume    = {abs/1003.4394},
  year      = {2010},
  url       = {http://arxiv.org/abs/1003.4394},
  eprinttype = {arXiv},
  eprint    = {1003.4394},
  timestamp = {Mon, 13 Aug 2018 16:46:35 +0200},
  biburl    = {https://dblp.org/rec/journals/corr/abs-1003-4394.bib},
  bibsource = {dblp computer science bibliography, https://dblp.org}
}

@article{python-lib,
   title={lambeq: {A}n {E}fficient {H}igh-{L}evel {P}ython {L}ibrary for {Q}uantum {NLP}},
   author={Dimitri Kartsaklis and Ian Fan and Richie Yeung and Anna Pearson and Robin Lorenz and Alexis Toumi and Giovanni de Felice and Konstantinos Meichanetzidis and Stephen Clark and Bob Coecke},
   year={2021},
   url = {https://github.com/CQCL/lambeq},
   journal={arXiv preprint arXiv:2110.04236},
}

@website{novel-exp-repo,
   title={Novel experiment corpora generator and experiment notebook.},
   author={Constantinos Kavadias},
   year={2022},
   url = {https://github.com/kavacon/qnlp-lit-review-project},
}



